<?xml version="1.0" encoding="UTF-8"?><collection xmlns="http://www.loc.gov/MARC21/slim"><record><leader>00473nam--2200169-i-4500</leader><controlfield tag="001">000026950</controlfield><controlfield tag="002">20161230</controlfield><controlfield tag="005">20161230201036</controlfield><controlfield tag="008">060222s1000------------r-----000-0-eng-d</controlfield><datafield ind1=" " ind2=" " tag="040"><subfield code="a">IFIN-HH</subfield></datafield><datafield ind1=" " ind2=" " tag="080"><subfield code="a">535.338.41</subfield></datafield><datafield ind1="1" ind2=" " tag="100"><subfield code="a">Penner, S.S</subfield></datafield><datafield ind1="1" ind2="0" tag="245"><subfield code="a">Quantitative molecular spectroscopy and gas emissivities</subfield><subfield code="c">S.s. penner</subfield></datafield><datafield ind1=" " ind2=" " tag="260"><subfield code="a">LONDON</subfield><subfield code="b">Addison-wesley Publishiing Company, Inc</subfield><subfield code="c">1959</subfield></datafield><datafield ind1=" " ind2=" " tag="300"><subfield code="a">587p</subfield></datafield><datafield ind1=" " ind2=" " tag="852"><subfield code="a">10318</subfield><subfield code="c">535.33</subfield></datafield><datafield ind1=" " ind2=" " tag="CAT"><subfield code="a">Sys</subfield><subfield code="c">20101202</subfield><subfield code="h">093145</subfield></datafield></record></collection>